<collection xmlns="http://www.loc.gov/MARC21/slim">
<record>
  <leader>02062nam0a2200325 i 450 </leader>
  <controlfield tag="001">IT\ICCU\CNCE\039576</controlfield>
  <controlfield tag="005">20070806000000.0</controlfield>
  <datafield tag="012" ind1=" " ind2=" ">
    <subfield code="a">a-a- i.o- o.t- Qupe (3) 1591 (R)</subfield>
    <subfield code="2">fei</subfield>
    <subfield code="9">1</subfield>
  </datafield>
  <datafield tag="012" ind1=" " ind2=" ">
    <subfield code="a">a.o, a.ta e.o- seco (3) 1591 (A)</subfield>
    <subfield code="2">fei</subfield>
    <subfield code="9">2</subfield>
  </datafield>
  <datafield tag="100" ind1=" " ind2=" ">
    <subfield code="a">19981110d1591        0itac0103    ba</subfield>
  </datafield>
  <datafield tag="101" ind1=" " ind2=" ">
    <subfield code="a">ITA</subfield>
  </datafield>
  <datafield tag="102" ind1=" " ind2=" ">
    <subfield code="a">IT</subfield>
  </datafield>
  <datafield tag="200" ind1="1" ind2=" ">
    <subfield code="a">Dottrina christiana nella quale si contengono i principali misteri della nostra fede rappresentati con figure per istruttione de gl&apos;idioti &amp; di quelli che non sanno leggere ... Aggiuntoui il Rosario della B. Vergine Maria, con le Indulgenze concesse da diuersi Sommi Pontefici, con le Litanie di essa B. Vergine ... Composta dal p. Gio. Battista Romano della Compagnia di Giesu</subfield>
  </datafield>
  <datafield tag="210" ind1=" " ind2=" ">
    <subfield code="a">In Roma</subfield>
    <subfield code="c">presso Iacomo Ruffinello</subfield>
    <subfield code="c">ad istanza di Giorgio Dagane</subfield>
    <subfield code="d">1591</subfield>
    <subfield code="e">In Roma</subfield>
    <subfield code="g">appresso Georgio Dagano</subfield>
    <subfield code="h">1591</subfield>
  </datafield>
  <datafield tag="215" ind1=" " ind2=" ">
    <subfield code="a">2 pt. (79, \1!, 20, \4! p)</subfield>
    <subfield code="c">ill.</subfield>
    <subfield code="d">8ʻ</subfield>
  </datafield>
  <datafield tag="300" ind1=" " ind2=" ">
    <subfield code="a">2: Rosario della gloriosissima Verg. Maria con le indulgentie concesse da diuersi sommi pontefici ...</subfield>
  </datafield>
  <datafield tag="423" ind1=" " ind2="0">
    <subfield code="1">001IT\ICCU\CNCE\050015</subfield>
    <subfield code="1">2001 </subfield>
    <subfield code="a">Rosario della gloriosa Verg. Maria con le indulgentie concesse da diuersi sommi pontefici</subfield>
  </datafield>
  <datafield tag="620" ind1=" " ind2=" ">
    <subfield code="a">IT</subfield>
    <subfield code="d">Roma</subfield>
  </datafield>
  <datafield tag="700" ind1=" " ind2="1">
    <subfield code="a">Eliano,</subfield>
    <subfield code="b">Giovanni Battista</subfield>
    <subfield code="3">IT\ICCU\CNCA\016867</subfield>
  </datafield>
  <datafield tag="712" ind1="0" ind2="0">
    <subfield code="a">Ruffinelli, Giacomo</subfield>
    <subfield code="3">IT\ICCU\CNCT\000138</subfield>
    <subfield code="4">650</subfield>
  </datafield>
  <datafield tag="712" ind1="0" ind2="0">
    <subfield code="a">Dagano, Giorgio</subfield>
    <subfield code="3">IT\ICCU\CNCT\000268</subfield>
    <subfield code="4">650</subfield>
  </datafield>
  <datafield tag="790" ind1=" " ind2="1">
    <subfield code="a">Romano,</subfield>
    <subfield code="b">Giovanni Battista</subfield>
    <subfield code="3">IT\ICCU\CNCA\016870</subfield>
    <subfield code="z">Eliano, Giovanni Battista</subfield>
  </datafield>
  <datafield tag="791" ind1="0" ind2="0">
    <subfield code="a">Roffinello, Giacomo</subfield>
    <subfield code="3">IT\ICCU\CNCT\002579</subfield>
    <subfield code="z">Ruffinelli, Giacomo</subfield>
  </datafield>
  <datafield tag="791" ind1="0" ind2="0">
    <subfield code="a">Ruffinello, Giacomo</subfield>
    <subfield code="3">IT\ICCU\CNCT\005430</subfield>
    <subfield code="z">Ruffinelli, Giacomo</subfield>
  </datafield>
  <datafield tag="791" ind1="0" ind2="0">
    <subfield code="a">Ruffinellus, Iacobus</subfield>
    <subfield code="3">IT\ICCU\CNCT\005433</subfield>
    <subfield code="z">Ruffinelli, Giacomo</subfield>
  </datafield>
  <datafield tag="791" ind1="0" ind2="0">
    <subfield code="a">Daghanus, Georgius</subfield>
    <subfield code="3">IT\ICCU\CNCT\004464</subfield>
    <subfield code="z">Dagano, Giorgio</subfield>
  </datafield>
  <datafield tag="801" ind1=" " ind2="3">
    <subfield code="a">IT</subfield>
    <subfield code="b">ICCU</subfield>
    <subfield code="c">20201114</subfield>
  </datafield>
  <datafield tag="899" ind1=" " ind2=" ">
    <subfield code="a">Biblioteca universitaria Alessandrina. Roma</subfield>
    <subfield code="1">RM0280</subfield>
    <subfield code="2">RML 01</subfield>
  </datafield>
  <datafield tag="911" ind1=" " ind2=" ">
    <subfield code="a">Nel coloph.</subfield>
    <subfield code="9">IT\ICCU\CNCM\001549</subfield>
  </datafield>
  <datafield tag="921" ind1=" " ind2=" ">
    <subfield code="a">IT\ICCU\CNCM\001549</subfield>
    <subfield code="b">Uomo suona il violino seduto su delfino. in cornice figurata</subfield>
    <subfield code="e">Astris et arte</subfield>
    <subfield code="c">U445</subfield>
    <subfield code="d">Dimensioni: 5,2 x 5,2</subfield>
    <subfield code="f">UOMO</subfield>
    <subfield code="f">VIOLINO</subfield>
    <subfield code="f">DELFINO</subfield>
    <subfield code="g">1591</subfield>
  </datafield>
</record>
</collection>
